%%Bibliographie f√ºr die Bachelorarbeit

@book{ccsds.sdlp,
	author={CCSDS},
	title={AOS Space Data Link Protocol},
	subtitle={Blue Book},
	abstract={The CCSDS Recommended Standard for AOS Space Data Link Protocol specifies the protocol, services, and procedures pertaining to the CCSDS Version-2 Transfer Frame. The current issue adds specifications to support the Space Data Link Security Protocol.},
	titleaddon={CCSDS 732.0-B-3},
	year=2005,
	month={September},
	edition={3.},
	url={https://public.ccsds.org/Pubs/732x0b3e1.pdf},
	publisher="CCSDS Secretariat"
}

@techreport{aes.spec,
	author={NIST},
	title={Advanced Encryption Standard (AES)},
	subtitle={},
	titleaddon={doi: 10.6028/NIST.FIPS.197},
	abstract={Offizielle Spezifikation des AES vom NIST},
	year=2001,
	month={November},
	publisher = {National Institute of Standards and Technology},
	institution = {National Institute of Standards and Technology},
	url={https://nvlpubs.nist.gov/nistpubs/FIPS/NIST.FIPS.197.pdf}
}

@report{fluid.tutorial_paper,
	author = {Colin Braley, and Adrian Sandu},
	title = {Fluid Simulation For Computer Graphics: A Tutorial in Grid Based and Particle Based Methods},
	institution = {Virginia Tech},
	year = {},
}